@book {ar,
    AUTHOR = {Ad{\'a}mek, Ji{\v{r}}{\'{\i}} and Rosick{\'y},
              Ji{\v{r}}{\'{\i}}},
     TITLE = {Locally presentable and accessible categories},
    SERIES = {London Mathematical Society Lecture Note Series},
    VOLUME = {189},
 PUBLISHER = {Cambridge University Press},
   ADDRESS = {Cambridge},
      YEAR = {1994},
     PAGES = {xiv+316},
      ISBN = {0-521-42261-2},
   MRCLASS = {18Axx (18-02)},
  MRNUMBER = {1294136 (95j:18001)},
MRREVIEWER = {J. R. Isbell},
       DOI = {10.1017/CBO9780511600579},
       URL = {http://dx.doi.org/10.1017/CBO9780511600579},
}

@article{bd_hda3,
    AUTHOR = {Baez, J. and Dolan, J.},
     TITLE = {Higher-dimensional algebra. {III}. {$n$}-categories and the
              algebra of opetopes},
   JOURNAL = {Adv. Math.},
  FJOURNAL = {Advances in Mathematics},
    VOLUME = {135},
      YEAR = {1998},
    NUMBER = {2},
     PAGES = {145--206},
      ISSN = {0001-8708},
     CODEN = {ADMTA4},
   MRCLASS = {18D05 (08C05 18D20 81T99)},
  MRNUMBER = {1620826 (99j:18005)},
MRREVIEWER = {Pilar C. Carrasco},
       DOI = {10.1006/aima.1997.1695},
       URL = {http://dx.doi.org/10.1006/aima.1997.1695},
}

@article {bat-eh,
    AUTHOR = {Batanin, M. A.},
     TITLE = {The {E}ckmann-{H}ilton argument and higher operads},
   JOURNAL = {Adv. Math.},
  FJOURNAL = {Advances in Mathematics},
    VOLUME = {217},
      YEAR = {2008},
    NUMBER = {1},
     PAGES = {334--385},
      ISSN = {0001-8708},
     CODEN = {ADMTA4},
   MRCLASS = {18D50 (18D05 55P48)},
  MRNUMBER = {2365200 (2008j:18008)},
MRREVIEWER = {Beno\^ {\i}t Fresse},
       DOI = {10.1016/j.aim.2007.06.014},
       URL = {http://dx.doi.org/10.1016/j.aim.2007.06.014},
}

@incollection {ben-bicats,
    AUTHOR = {B{\'e}nabou, J.},
     TITLE = {Introduction to bicategories},
 BOOKTITLE = {Reports of the {M}idwest {C}ategory {S}eminar},
     PAGES = {1--77},
 PUBLISHER = {Springer, Berlin},
      YEAR = {1967},
   MRCLASS = {18.10},
  MRNUMBER = {0220789 (36 \#3841)},
MRREVIEWER = {J. R. Isbell},
}

@article {BKP,
    AUTHOR = {Blackwell, R. and Kelly, G. M. and Power, A. J.},
     TITLE = {Two-dimensional monad theory},
   JOURNAL = {J. Pure Appl. Algebra},
  FJOURNAL = {Journal of Pure and Applied Algebra},
    VOLUME = {59},
      YEAR = {1989},
    NUMBER = {1},
     PAGES = {1--41},
      ISSN = {0022-4049},
     CODEN = {JPAAA2},
   MRCLASS = {18D05 (18C15)},
  MRNUMBER = {1007911 (91a:18010)},
MRREVIEWER = {R. H. Street},
       DOI = {10.1016/0022-4049(89)90160-6},
       URL = {http://dx.doi.org/10.1016/0022-4049(89)90160-6},
}

@book {day-thesis,
    AUTHOR = {Day, Brian},
     TITLE = {Construction of biclosed categories},
      NOTE = {Thesis (Ph.D.)--University of New South Wales},
 PUBLISHER = {},
      YEAR = {1970},
     PAGES = {(no paging)},
   MRCLASS = {Thesis},
  MRNUMBER = {},
       URL ={},
       }
       
@article{drin-quasihopf,
    AUTHOR = {Drinfeld, V. G.},
     TITLE = {Quasi-{H}opf algebras},
   JOURNAL = {Algebra i Analiz},
  FJOURNAL = {Algebra i Analiz},
    VOLUME = {1},
      YEAR = {1989},
    NUMBER = {6},
     PAGES = {114--148},
      ISSN = {0234-0852},
   MRCLASS = {17B37 (16W30 57M25 81T40)},
  MRNUMBER = {1047964 (91b:17016)},
MRREVIEWER = {Ya. S. So{\u\i}belman},
}


@article {EM2,
    AUTHOR = {El-Rifai, Elsayed A. and Morton, H. R.},
     TITLE = {Algorithms for positive braids},
   JOURNAL = {Quart. J. Math. Oxford Ser. (2)},
  FJOURNAL = {The Quarterly Journal of Mathematics. Oxford. Second Series},
    VOLUME = {45},
      YEAR = {1994},
    NUMBER = {180},
     PAGES = {479--497},
      ISSN = {0033-5606},
     CODEN = {QJMAAT},
   MRCLASS = {20F36 (57M25)},
  MRNUMBER = {1315459 (96b:20052)},
MRREVIEWER = {Mina Teicher},
       DOI = {10.1093/qmath/45.4.479},
       URL = {http://dx.doi.org/10.1093/qmath/45.4.479},
}

@MISC{fie-br,
  author = {Fiedorowicz, Zbigniew},
  title = {The symmetric bar construction},
  howpublished = {preprint}},
}

@article{garner_poly,
    AUTHOR = {Garner, R.},
     TITLE = {Polycategories via pseudo-distributive laws},
   JOURNAL = {Adv. Math.},
  FJOURNAL = {Advances in Mathematics},
    VOLUME = {218},
      YEAR = {2008},
    NUMBER = {3},
     PAGES = {781--827},
      ISSN = {0001-8708},
     CODEN = {ADMTA4},
   MRCLASS = {18C15 (18C20 18D05 18D10)},
  MRNUMBER = {2414322 (2009e:18012)},
MRREVIEWER = {R. H. Street},
       DOI = {10.1016/j.aim.2008.02.001},
       URL = {http://dx.doi.org/10.1016/j.aim.2008.02.001},
}

@article{hk-cobound,
    AUTHOR = {Henriques, A. and Kamnitzer, J.},
     TITLE = {Crystals and coboundary categories},
   JOURNAL = {Duke Math. J.},
  FJOURNAL = {Duke Mathematical Journal},
    VOLUME = {132},
      YEAR = {2006},
    NUMBER = {2},
     PAGES = {191--216},
      ISSN = {0012-7094},
     CODEN = {DUMJAO},
   MRCLASS = {17B37 (17B10 18D10 18D50)},
  MRNUMBER = {2219257 (2007m:17020)},
       DOI = {10.1215/S0012-7094-06-13221-0},
       URL = {http://dx.doi.org/10.1215/S0012-7094-06-13221-0},
}

@book{hk-quantum,
    AUTHOR = {Hong, J. and Kang, S.-J.},
     TITLE = {Introduction to quantum groups and crystal bases},
    SERIES = {Graduate Studies in Mathematics},
    VOLUME = {42},
 PUBLISHER = {American Mathematical Society, Providence, RI},
      YEAR = {2002},
     PAGES = {xviii+307},
      ISBN = {0-8218-2874-6},
   MRCLASS = {17B37 (05E15 81R50 82B23)},
  MRNUMBER = {1881971 (2002m:17012)},
MRREVIEWER = {Anne Schilling},
       DOI = {10.1090/gsm/042},
       URL = {http://dx.doi.org/10.1090/gsm/042},
}

@article {HP,
    AUTHOR = {Hyland, Martin and Power, John},
     TITLE = {Pseudo-commutative monads and pseudo-closed 2-categories},
      NOTE = {Special volume celebrating the 70th birthday of Professor Max
              Kelly},
   JOURNAL = {J. Pure Appl. Algebra},
  FJOURNAL = {Journal of Pure and Applied Algebra},
    VOLUME = {175},
      YEAR = {2002},
    NUMBER = {1-3},
     PAGES = {141--185},
      ISSN = {0022-4049},
     CODEN = {JPAAA2},
   MRCLASS = {18D05 (18C15 18D15)},
  MRNUMBER = {1935977 (2004b:18014)},
MRREVIEWER = {Graham J. Ellis},
       DOI = {10.1016/S0022-4049(02)00133-0},
       URL = {http://dx.doi.org/10.1016/S0022-4049(02)00133-0},
}

@article {js,
    AUTHOR = {Joyal, Andr{\'e} and Street, Ross},
     TITLE = {Braided tensor categories},
   JOURNAL = {Adv. Math.},
  FJOURNAL = {Advances in Mathematics},
    VOLUME = {102},
      YEAR = {1993},
    NUMBER = {1},
     PAGES = {20--78},
      ISSN = {0001-8708},
     CODEN = {ADMTA4},
   MRCLASS = {18D10 (19D23 20G05)},
  MRNUMBER = {1250465 (94m:18008)},
MRREVIEWER = {Daniel Conduch{\'e}},
       DOI = {10.1006/aima.1993.1055},
       URL = {http://dx.doi.org/10.1006/aima.1993.1055},
}

@incollection {kelly_club0,
    AUTHOR = {Kelly, G. M.},
     TITLE = {Many-variable functorial calculus. {I}},
 BOOKTITLE = {Coherence in categories},
     PAGES = {66--105. Lecture Notes in Math., Vol. 281},
 PUBLISHER = {Springer, Berlin},
      YEAR = {1972},
   MRCLASS = {18D15},
  MRNUMBER = {0340371 (49 \#5126)},
MRREVIEWER = {M. L. Laplaza},
}

@incollection{kelly_club1,
    AUTHOR = {Kelly, G. M.},
     TITLE = {An abstract approach to coherence},
 BOOKTITLE = {Coherence in categories},
     PAGES = {106--147. Lecture Notes in Math., Vol. 281},
 PUBLISHER = {Springer, Berlin},
      YEAR = {1972},
   MRCLASS = {18D15},
  MRNUMBER = {0340372 (49 \#5127)},
MRREVIEWER = {M. L. Laplaza},
}

@incollection{kelly_club2,
    AUTHOR = {Kelly, G. M.},
     TITLE = {On clubs and doctrines},
 BOOKTITLE = {Category {S}eminar ({P}roc. {S}em., {S}ydney, 1972/1973)},
     PAGES = {181--256. Lecture Notes in Math., Vol. 420},
 PUBLISHER = {Springer, Berlin},
      YEAR = {1974},
   MRCLASS = {18D05},
  MRNUMBER = {0364393 (51 \#647)},
MRREVIEWER = {M. L. Laplaza},
}

@article {kelly-elem,
    AUTHOR = {Kelly, G. M.},
     TITLE = {Elementary observations on {$2$}-categorical limits},
   JOURNAL = {Bull. Austral. Math. Soc.},
  FJOURNAL = {Bulletin of the Australian Mathematical Society},
    VOLUME = {39},
      YEAR = {1989},
    NUMBER = {2},
     PAGES = {301--317},
      ISSN = {0004-9727},
     CODEN = {ALNBAB},
   MRCLASS = {18D05},
  MRNUMBER = {998024 (90f:18004)},
MRREVIEWER = {Kimmo I. Rosenthal},
       DOI = {10.1017/S0004972700002781},
       URL = {http://dx.doi.org/10.1017/S0004972700002781},
}

@article {kelly-op,
    AUTHOR = {Kelly, G. M.},
     TITLE = {On the operads of {J}. {P}. {M}ay},
   JOURNAL = {Repr. Theory Appl. Categ.},
  FJOURNAL = {Reprints in Theory and Applications of Categories},
    NUMBER = {13},
      YEAR = {2005},
     PAGES = {1--13},
   MRCLASS = {18D50 (18C15 18D10 18D20)},
  MRNUMBER = {2177746 (2006f:18005)},
MRREVIEWER = {Agust{\'{\i}} Roig},
}


@incollection{KS,
    AUTHOR = {Kelly, G. M. and Street, Ross},
     TITLE = {Review of the elements of {$2$}-categories},
 BOOKTITLE = {Category {S}eminar ({P}roc. {S}em., {S}ydney, 1972/1973)},
     PAGES = {75--103. Lecture Notes in Math., Vol. 420},
 PUBLISHER = {Springer},
   ADDRESS = {Berlin},
      YEAR = {1974},
   MRCLASS = {18D05},
  MRNUMBER = {MR0357542 (50 \#10010)},
MRREVIEWER = {E. G. Manes},
}

@article {kock-monads,
    AUTHOR = {Kock, Anders},
     TITLE = {Monads on symmetric monoidal closed categories},
   JOURNAL = {Arch. Math. (Basel)},
  FJOURNAL = {Archiv der Mathematik},
    VOLUME = {21},
      YEAR = {1970},
     PAGES = {1--10},
      ISSN = {0003-889X},
   MRCLASS = {18.10},
  MRNUMBER = {0260825 (41 \#5446)},
MRREVIEWER = {Y. C. Wu},
}


@article {kock-closed,
    AUTHOR = {Kock, Anders},
     TITLE = {Closed categories generated by commutative monads},
   JOURNAL = {J. Austral. Math. Soc.},
  FJOURNAL = {Australian Mathematical Society. Journal. Series A. Pure
              Mathematics and Statistics},
    VOLUME = {12},
      YEAR = {1971},
     PAGES = {405--424},
      ISSN = {0263-6115},
   MRCLASS = {18D15},
  MRNUMBER = {0296129 (45 \#5190)},
MRREVIEWER = {J. R. Isbell},
}

@article {kock-strong,
    AUTHOR = {Kock, Anders},
     TITLE = {Strong functors and monoidal monads},
   JOURNAL = {Arch. Math. (Basel)},
  FJOURNAL = {Archiv der Mathematik},
    VOLUME = {23},
      YEAR = {1972},
     PAGES = {113--120},
      ISSN = {},
   MRCLASS = {18.10},
  MRNUMBER = {},
MRREVIEWER = {},
}


@article {lack-cod,
    AUTHOR = {Lack, Stephen},
     TITLE = {Codescent objects and coherence},
      NOTE = {Special volume celebrating the 70th birthday of Professor Max
              Kelly},
   JOURNAL = {J. Pure Appl. Algebra},
  FJOURNAL = {Journal of Pure and Applied Algebra},
    VOLUME = {175},
      YEAR = {2002},
    NUMBER = {1-3},
     PAGES = {223--241},
      ISSN = {0022-4049},
     CODEN = {JPAAA2},
   MRCLASS = {18C15 (18A30 18C20 18D05)},
  MRNUMBER = {1935980 (2003k:18008)},
       DOI = {10.1016/S0022-4049(02)00136-6},
       URL = {http://dx.doi.org/10.1016/S0022-4049(02)00136-6},
}

@book {lawvere-thesis,
    AUTHOR = {Lawvere, F. William},
     TITLE = {Functional semantics of algebraic theories},
      NOTE = {Thesis (Ph.D.)--Columbia University},
 PUBLISHER = {ProQuest LLC, Ann Arbor, MI},
      YEAR = {1963},
     PAGES = {(no paging)},
   MRCLASS = {Thesis},
  MRNUMBER = {2939398},
       URL =
              {http://gateway.proquest.com/openurl?url_ver=Z39.88-2004&rft_val_fmt=info:ofi/fmt:kev:mtx:dissertation&res_dat=xri:pqdiss&rft_dat=xri:pqdiss:0203759},
}

@book {leinster,
    AUTHOR = {Leinster, Tom},
     TITLE = {Higher operads, higher categories},
    SERIES = {London Mathematical Society Lecture Note Series},
    VOLUME = {298},
 PUBLISHER = {Cambridge University Press},
   ADDRESS = {Cambridge},
      YEAR = {2004},
     PAGES = {xiv+433},
      ISBN = {0-521-53215-9},
   MRCLASS = {18D50 (55P48)},
  MRNUMBER = {2094071 (2005h:18030)},
MRREVIEWER = {R. H. Street},
       DOI = {10.1017/CBO9780511525896},
       URL = {http://dx.doi.org/10.1017/CBO9780511525896},
}

@article {mac_prop,
    AUTHOR = {Mac Lane, S.},
     TITLE = {Categorical algebra},
   JOURNAL = {Bull. Amer. Math. Soc.},
  FJOURNAL = {Bulletin of the American Mathematical Society},
    VOLUME = {71},
      YEAR = {1965},
     PAGES = {40--106},
      ISSN = {0002-9904},
   MRCLASS = {18.20 (18.10)},
  MRNUMBER = {0171826 (30 \#2053)},
MRREVIEWER = {A. Dold},
}

@book {maclane-catwork,
    AUTHOR = {MacLane, Saunders},
     TITLE = {Categories for the working mathematician},
      NOTE = {Graduate Texts in Mathematics, Vol. 5},
 PUBLISHER = {Springer-Verlag},
   ADDRESS = {New York},
      YEAR = {1971},
     PAGES = {ix+262},
   MRCLASS = {18-02},
  MRNUMBER = {0354798 (50 \#7275)},
MRREVIEWER = {H.-B. Brinkmann},
}

@incollection {markl_prop,
    AUTHOR = {Markl, M.},
     TITLE = {Operads and {PROP}s},
 BOOKTITLE = {Handbook of algebra. {V}ol. 5},
    SERIES = {Handb. Algebr.},
    VOLUME = {5},
     PAGES = {87--140},
 PUBLISHER = {Elsevier/North-Holland, Amsterdam},
      YEAR = {2008},
   MRCLASS = {18D50},
  MRNUMBER = {2523450 (2010j:18015)},
       DOI = {10.1016/S1570-7954(07)05002-4},
       URL = {http://dx.doi.org/10.1016/S1570-7954(07)05002-4},
}


@book {mss-op,
    AUTHOR = {Markl, M. and Shnider, S. and Stasheff, J.},
     TITLE = {Operads in algebra, topology and physics},
    SERIES = {Mathematical Surveys and Monographs},
    VOLUME = {96},
 PUBLISHER = {American Mathematical Society, Providence, RI},
      YEAR = {2002},
     PAGES = {x+349},
      ISBN = {0-8218-2134-2},
   MRCLASS = {18D50 (55P48 55R80)},
  MRNUMBER = {1898414 (2003f:18011)},
MRREVIEWER = {Alexander A. Voronov},
}

@book {maygeom,
    AUTHOR = {May, J. P.},
     TITLE = {The geometry of iterated loop spaces},
      NOTE = {Lectures Notes in Mathematics, Vol. 271},
 PUBLISHER = {Springer-Verlag},
   ADDRESS = {Berlin},
      YEAR = {1972},
     PAGES = {viii+175},
   MRCLASS = {55D35},
  MRNUMBER = {0420610 (54 \#8623b)},
MRREVIEWER = {J. Stasheff},
}

@article {power-gen,
    AUTHOR = {Power, A. J.},
     TITLE = {A general coherence result},
   JOURNAL = {J. Pure Appl. Algebra},
  FJOURNAL = {Journal of Pure and Applied Algebra},
    VOLUME = {57},
      YEAR = {1989},
    NUMBER = {2},
     PAGES = {165--173},
      ISSN = {0022-4049},
     CODEN = {JPAAA2},
   MRCLASS = {18D05 (18A25 18D20)},
  MRNUMBER = {985657 (90k:18007)},
MRREVIEWER = {F. E. J. Linton},
       DOI = {10.1016/0022-4049(89)90113-8},
       URL = {http://dx.doi.org/10.1016/0022-4049(89)90113-8},
}

@article {sal-wahl,
    AUTHOR = {Salvatore, Paolo and Wahl, Nathalie},
     TITLE = {Framed discs operads and {B}atalin-{V}ilkovisky algebras},
   JOURNAL = {Q. J. Math.},
  FJOURNAL = {The Quarterly Journal of Mathematics},
    VOLUME = {54},
      YEAR = {2003},
    NUMBER = {2},
     PAGES = {213--231},
      ISSN = {0033-5606},
   MRCLASS = {55P48 (18D50)},
  MRNUMBER = {1989873 (2004e:55013)},
MRREVIEWER = {Sarah Whitehouse},
       DOI = {10.1093/qjmath/54.2.213},
       URL = {http://dx.doi.org/10.1093/qjmath/54.2.213},
}

@book {street-quantum,
    AUTHOR = {Street, R.},
     TITLE = {Quantum groups},
    SERIES = {Australian Mathematical Society Lecture Series},
    VOLUME = {19},
      NOTE = {A path to current algebra},
 PUBLISHER = {Cambridge University Press, Cambridge},
      YEAR = {2007},
     PAGES = {xviii+141},
      ISBN = {978-0-521-69524-4; 0-521-69524-4},
   MRCLASS = {16W30 (16-02 16W35 18D10)},
  MRNUMBER = {2294803 (2008a:16061)},
MRREVIEWER = {E. J. Taft},
       DOI = {10.1017/CBO9780511618505},
       URL = {http://dx.doi.org/10.1017/CBO9780511618505},
}

@book {wahl-thesis,
    AUTHOR = {Wahl, Nathalie},
     TITLE = {Ribbon braids and related operads},
      NOTE = {Thesis (Ph.D.)--University of Oxford},
 PUBLISHER = {},
      YEAR = {2001},
     PAGES = {(no paging)},
   MRCLASS = {Thesis},
  MRNUMBER = {},
       URL ={},
       }

@MISC{zhang-grp,
  author = {Zhang, Wenbin},
  title = {Group operads and homotopy theory},
  howpublished = {preprint, arXiv:1111.7090v2}},
}
