
@misc{doucot_local_2025,
	title = {Local wild mapping class groups and cabled braids},
	url = {http://arxiv.org/abs/2204.08188},
	publisher = {arXiv},
	author = {Dou√ßot, Jean and Rembado, Gabriele and Tamiozzo, Matteo},
	year = {2025},
}
