
@article{krasauskas_skew-simplicial_1987,
	title = {Skew-simplicial groups},
	volume = {27},
	issn = {1573-8825},
	url = {https://doi.org/10.1007/BF00972021},
	doi = {10.1007/BF00972021},
	language = {en},
	number = {1},
	urldate = {2024-12-18},
	journal = {Lithuanian Mathematical Journal},
	author = {Krasauskas, R.},
	month = jan,
	year = {1987},
	pages = {47--54},
}
