@book {ar,
    AUTHOR = {Ad{\'a}mek, J. and Rosick{\'y},
              J.},
     TITLE = {Locally presentable and accessible categories},
    SERIES = {London Mathematical Society Lecture Note Series},
    VOLUME = {189},
 PUBLISHER = {Cambridge University Press},
   ADDRESS = {Cambridge},
      YEAR = {1994},
     PAGES = {xiv+316},
      ISBN = {0-521-42261-2},
   MRCLASS = {18Axx (18-02)},
  MRNUMBER = {1294136 (95j:18001)},
MRREVIEWER = {J. R. Isbell},
       DOI = {10.1017/CBO9780511600579},
       URL = {http://dx.doi.org/10.1017/CBO9780511600579},
}

@article{bd_hda3,
    AUTHOR = {Baez, J. and Dolan, J.},
     TITLE = {Higher-dimensional algebra. {III}. {$n$}-categories and the
              algebra of opetopes},
   JOURNAL = {Adv. Math.},
  FJOURNAL = {Advances in Mathematics},
    VOLUME = {135},
      YEAR = {1998},
    NUMBER = {2},
     PAGES = {145--206},
      ISSN = {0001-8708},
     CODEN = {ADMTA4},
   MRCLASS = {18D05 (08C05 18D20 81T99)},
  MRNUMBER = {1620826 (99j:18005)},
MRREVIEWER = {Pilar C. Carrasco},
       DOI = {10.1006/aima.1997.1695},
       URL = {http://dx.doi.org/10.1006/aima.1997.1695},
}

@incollection {ben-bicats,
    AUTHOR = {B{\'e}nabou, J.},
     TITLE = {Introduction to bicategories},
 BOOKTITLE = {Reports of the {M}idwest {C}ategory {S}eminar},
     PAGES = {1--77},
 PUBLISHER = {Springer, Berlin},
      YEAR = {1967},
   MRCLASS = {18.10},
  MRNUMBER = {0220789 (36 \#3841)},
MRREVIEWER = {J. R. Isbell},
}

@article {BKP,
    AUTHOR = {Blackwell, R. and Kelly, G. M. and Power, A. J.},
     TITLE = {Two-dimensional monad theory},
   JOURNAL = {J. Pure Appl. Algebra},
  FJOURNAL = {Journal of Pure and Applied Algebra},
    VOLUME = {59},
      YEAR = {1989},
    NUMBER = {1},
     PAGES = {1--41},
      ISSN = {0022-4049},
     CODEN = {JPAAA2},
   MRCLASS = {18D05 (18C15)},
  MRNUMBER = {1007911 (91a:18010)},
MRREVIEWER = {R. H. Street},
       DOI = {10.1016/0022-4049(89)90160-6},
       URL = {http://dx.doi.org/10.1016/0022-4049(89)90160-6},
}

@MISC{cg,
  author = {Corner, A. S. and Gurski, N.},
  title = {Operads with general groups of equivariance, and some 2-categorical aspects of operads in $\mb{Cat}$},
  howpublished = {preprint, arXiv:1312.5910v2}},
}


@book {day-thesis,
    AUTHOR = {Day, B.},
     TITLE = {Construction of biclosed categories},
      NOTE = {Thesis (Ph.D.)--University of New South Wales},
 PUBLISHER = {},
      YEAR = {1970},
     PAGES = {(no paging)},
   MRCLASS = {Thesis},
  MRNUMBER = {},
       URL ={},
       }

@article{drin-quasihopf,
    AUTHOR = {Drinfeld, V. G.},
     TITLE = {Quasi-{H}opf algebras},
   JOURNAL = {Algebra i Analiz},
  FJOURNAL = {Algebra i Analiz},
    VOLUME = {1},
      YEAR = {1989},
    NUMBER = {6},
     PAGES = {114--148},
      ISSN = {0234-0852},
   MRCLASS = {17B37 (16W30 57M25 81T40)},
  MRNUMBER = {1047964 (91b:17016)},
MRREVIEWER = {Ya. S. So{\u\i}belman},
}



@MISC{fie-br,
  author = {Fiedorowicz, Z.},
  title = {The symmetric bar construction},
  howpublished = {preprint},
}

@article{garner_poly,
    AUTHOR = {Garner, R.},
     TITLE = {Polycategories via pseudo-distributive laws},
   JOURNAL = {Adv. Math.},
  FJOURNAL = {Advances in Mathematics},
    VOLUME = {218},
      YEAR = {2008},
    NUMBER = {3},
     PAGES = {781--827},
      ISSN = {0001-8708},
     CODEN = {ADMTA4},
   MRCLASS = {18C15 (18C20 18D05 18D10)},
  MRNUMBER = {2414322 (2009e:18012)},
MRREVIEWER = {R. H. Street},
       DOI = {10.1016/j.aim.2008.02.001},
       URL = {http://dx.doi.org/10.1016/j.aim.2008.02.001},
}


@article{hk-cobound,
    AUTHOR = {Henriques, A. and Kamnitzer, J.},
     TITLE = {Crystals and coboundary categories},
   JOURNAL = {Duke Math. J.},
  FJOURNAL = {Duke Mathematical Journal},
    VOLUME = {132},
      YEAR = {2006},
    NUMBER = {2},
     PAGES = {191--216},
      ISSN = {0012-7094},
     CODEN = {DUMJAO},
   MRCLASS = {17B37 (17B10 18D10 18D50)},
  MRNUMBER = {2219257 (2007m:17020)},
       DOI = {10.1215/S0012-7094-06-13221-0},
       URL = {http://dx.doi.org/10.1215/S0012-7094-06-13221-0},
}

@book{hk-quantum,
    AUTHOR = {Hong, J. and Kang, S.-J.},
     TITLE = {Introduction to quantum groups and crystal bases},
    SERIES = {Graduate Studies in Mathematics},
    VOLUME = {42},
 PUBLISHER = {American Mathematical Society, Providence, RI},
      YEAR = {2002},
     PAGES = {xviii+307},
      ISBN = {0-8218-2874-6},
   MRCLASS = {17B37 (05E15 81R50 82B23)},
  MRNUMBER = {1881971 (2002m:17012)},
MRREVIEWER = {Anne Schilling},
       DOI = {10.1090/gsm/042},
       URL = {http://dx.doi.org/10.1090/gsm/042},
}

@article {js,
    AUTHOR = {Joyal, A. and Street, R.},
     TITLE = {Braided tensor categories},
   JOURNAL = {Adv. Math.},
  FJOURNAL = {Advances in Mathematics},
    VOLUME = {102},
      YEAR = {1993},
    NUMBER = {1},
     PAGES = {20--78},
      ISSN = {0001-8708},
     CODEN = {ADMTA4},
   MRCLASS = {18D10 (19D23 20G05)},
  MRNUMBER = {1250465 (94m:18008)},
MRREVIEWER = {Daniel Conduch{\'e}},
       DOI = {10.1006/aima.1993.1055},
       URL = {http://dx.doi.org/10.1006/aima.1993.1055},
}

@incollection {kelly_club0,
    AUTHOR = {Kelly, G. M.},
     TITLE = {Many-variable functorial calculus. {I}},
 BOOKTITLE = {Coherence in categories},
     PAGES = {66--105. Lecture Notes in Math., Vol. 281},
 PUBLISHER = {Springer, Berlin},
      YEAR = {1972},
   MRCLASS = {18D15},
  MRNUMBER = {0340371 (49 \#5126)},
MRREVIEWER = {M. L. Laplaza},
}

@incollection{kelly_club1,
    AUTHOR = {Kelly, G. M.},
     TITLE = {An abstract approach to coherence},
 BOOKTITLE = {Coherence in categories},
     PAGES = {106--147. Lecture Notes in Math., Vol. 281},
 PUBLISHER = {Springer, Berlin},
      YEAR = {1972},
   MRCLASS = {18D15},
  MRNUMBER = {0340372 (49 \#5127)},
MRREVIEWER = {M. L. Laplaza},
}

@incollection{kelly_club2,
    AUTHOR = {Kelly, G. M.},
     TITLE = {On clubs and doctrines},
 BOOKTITLE = {Category {S}eminar ({P}roc. {S}em., {S}ydney, 1972/1973)},
     PAGES = {181--256. Lecture Notes in Math., Vol. 420},
 PUBLISHER = {Springer, Berlin},
      YEAR = {1974},
   MRCLASS = {18D05},
  MRNUMBER = {0364393 (51 \#647)},
MRREVIEWER = {M. L. Laplaza},
}

@book {leinster,
    AUTHOR = {Leinster, T.},
     TITLE = {Higher operads, higher categories},
    SERIES = {London Mathematical Society Lecture Note Series},
    VOLUME = {298},
 PUBLISHER = {Cambridge University Press},
   ADDRESS = {Cambridge},
      YEAR = {2004},
     PAGES = {xiv+433},
      ISBN = {0-521-53215-9},
   MRCLASS = {18D50 (55P48)},
  MRNUMBER = {2094071 (2005h:18030)},
MRREVIEWER = {R. H. Street},
       DOI = {10.1017/CBO9780511525896},
       URL = {http://dx.doi.org/10.1017/CBO9780511525896},
}

@article {mac_prop,
    AUTHOR = {Mac Lane, S.},
     TITLE = {Categorical algebra},
   JOURNAL = {Bull. Amer. Math. Soc.},
  FJOURNAL = {Bulletin of the American Mathematical Society},
    VOLUME = {71},
      YEAR = {1965},
     PAGES = {40--106},
      ISSN = {0002-9904},
   MRCLASS = {18.20 (18.10)},
  MRNUMBER = {0171826 (30 \#2053)},
MRREVIEWER = {A. Dold},
}

@incollection {markl_prop,
    AUTHOR = {Markl, M.},
     TITLE = {Operads and {PROP}s},
 BOOKTITLE = {Handbook of algebra. {V}ol. 5},
    SERIES = {Handb. Algebr.},
    VOLUME = {5},
     PAGES = {87--140},
 PUBLISHER = {Elsevier/North-Holland, Amsterdam},
      YEAR = {2008},
   MRCLASS = {18D50},
  MRNUMBER = {2523450 (2010j:18015)},
       DOI = {10.1016/S1570-7954(07)05002-4},
       URL = {http://dx.doi.org/10.1016/S1570-7954(07)05002-4},
}


@book {mss-op,
    AUTHOR = {Markl, M. and Shnider, S. and Stasheff, J.},
     TITLE = {Operads in algebra, topology and physics},
    SERIES = {Mathematical Surveys and Monographs},
    VOLUME = {96},
 PUBLISHER = {American Mathematical Society, Providence, RI},
      YEAR = {2002},
     PAGES = {x+349},
      ISBN = {0-8218-2134-2},
   MRCLASS = {18D50 (55P48 55R80)},
  MRNUMBER = {1898414 (2003f:18011)},
MRREVIEWER = {Alexander A. Voronov},
}

@book {maygeom,
    AUTHOR = {May, J. P.},
     TITLE = {The geometry of iterated loop spaces},
      NOTE = {Lectures Notes in Mathematics, Vol. 271},
 PUBLISHER = {Springer-Verlag},
   ADDRESS = {Berlin},
      YEAR = {1972},
     PAGES = {viii+175},
   MRCLASS = {55D35},
  MRNUMBER = {0420610 (54 \#8623b)},
MRREVIEWER = {J. Stasheff},
}

@article {sal-wahl,
    AUTHOR = {Salvatore, P. and Wahl, N.},
     TITLE = {Framed discs operads and {B}atalin-{V}ilkovisky algebras},
   JOURNAL = {Q. J. Math.},
  FJOURNAL = {The Quarterly Journal of Mathematics},
    VOLUME = {54},
      YEAR = {2003},
    NUMBER = {2},
     PAGES = {213--231},
      ISSN = {0033-5606},
   MRCLASS = {55P48 (18D50)},
  MRNUMBER = {1989873 (2004e:55013)},
MRREVIEWER = {Sarah Whitehouse},
       DOI = {10.1093/qjmath/54.2.213},
       URL = {http://dx.doi.org/10.1093/qjmath/54.2.213},
}

street quantum groups book

@book {street-quantum,
    AUTHOR = {Street, R.},
     TITLE = {Quantum groups},
    SERIES = {Australian Mathematical Society Lecture Series},
    VOLUME = {19},
      NOTE = {A path to current algebra},
 PUBLISHER = {Cambridge University Press, Cambridge},
      YEAR = {2007},
     PAGES = {xviii+141},
      ISBN = {978-0-521-69524-4; 0-521-69524-4},
   MRCLASS = {16W30 (16-02 16W35 18D10)},
  MRNUMBER = {2294803 (2008a:16061)},
MRREVIEWER = {E. J. Taft},
       DOI = {10.1017/CBO9780511618505},
       URL = {http://dx.doi.org/10.1017/CBO9780511618505},
}

@book {wahl-thesis,
    AUTHOR = {Wahl, N.},
     TITLE = {Ribbon braids and related operads},
      NOTE = {Thesis (Ph.D.)--University of Oxford},
 PUBLISHER = {},
      YEAR = {2001},
     PAGES = {(no paging)},
   MRCLASS = {Thesis},
  MRNUMBER = {},
       URL ={},
       }

@MISC{zhang-grp,
  author = {Zhang, W.},
  title = {Group operads and homotopy theory},
  howpublished = {preprint, arXiv:1111.7090v2}},
}
